%% This BibTeX bibliography file was created using BibDesk.
%% http://bibdesk.sourceforge.net/


%% Created for Paul Vrbik at 2009-12-11 17:07:59 -0500 


%% Saved with string encoding Unicode (UTF-8) 



@techreport{TFT2,
	Author = {J. van der Hoeven},
	Date-Added = {2009-12-11 12:16:10 -0500},
	Date-Modified = {2009-12-11 12:17:14 -0500},
	Institution = {Universit\'e Paris-Sud, Orsay, France},
	Title = {Notes on the {Truncated} {Fourier} {Transform}},
	Year = {2008}}

@inproceedings{TFT1,
	Address = {New York, NY, USA},
	Author = {van der Hoeven, Joris},
	Booktitle = {ISSAC '04: Proceedings of the 2004 international symposium on Symbolic and algebraic computation},
	Doi = {http://doi.acm.org/10.1145/1005285.1005327},
	Isbn = {1-58113-827-X},
	Location = {Santander, Spain},
	Pages = {290--296},
	Publisher = {ACM},
	Title = {The truncated fourier transform and applications},
	Year = {2004},
	Bdsk-Url-1 = {http://doi.acm.org/10.1145/1005285.1005327}}

@inproceedings{BURGE,
	Author = {W. H. Burge and S. M. Watt},
	Booktitle = {EUROCAL 1987},
	Date-Added = {2009-06-14 18:56:37 -0400},
	Date-Modified = {2009-06-14 19:23:01 -0400},
	Pages = {378},
	Publisher = {Springer-Verlad},
	Title = {Infinite Structures in {Scratchpad} {II}},
	Year = {1989}}

@inproceedings{MazaR95,
	Author = {Marc Moreno Maza and                Renaud Rioboo},
	Bibsource = {DBLP, http://dblp.uni-trier.de},
	Booktitle = {AAECC},
	Crossref = {DBLP:conf/aaecc/1995},
	Date-Modified = {2009-01-26 12:06:06 -0500},
	Pages = {365-382},
	Title = {Polynomial Gcd Computations over Towers of Algebraic Extensions},
	Year = {1995}}

@proceedings{DBLP:conf/aaecc/1995,
	Bibsource = {DBLP, http://dblp.uni-trier.de},
	Booktitle = {AAECC},
	Editor = {G{\'e}rard D. Cohen and                Marc Giusti and                Teo Mora},
	Isbn = {3-540-60114-7},
	Publisher = {Springer},
	Series = {Lecture Notes in Computer Science},
	Title = {Applied Algebra, Algebraic Algorithms and Error-Correcting                Codes, 11th International Symposium, AAECC-11, Paris, France,                July 17-22, 1995, Proceedings},
	Volume = {948},
	Year = {1995}}

@article{ducos,
	Author = {Lionel Ducos},
	Date-Added = {2009-01-26 11:53:23 -0500},
	Date-Modified = {2009-01-26 11:54:06 -0500},
	Journal = {Journal of Pure and Applied Algebra},
	Pages = {149-163},
	Title = {Optimizations of the {Subresultant Algorithm}},
	Volume = {145},
	Year = {2000}}

@article{vanderhoven,
	Author = {J. van der Hoeven},
	Date-Added = {2009-01-26 09:05:49 -0500},
	Date-Modified = {2009-06-14 19:07:01 -0400},
	Journal = {J. Symbolic Computation},
	Number = {1-000},
	Title = {Relax, but don't be too lazy},
	Volume = {11},
	Year = {2002}}

@inproceedings{F5,
	Author = {J.C. Faug\`ere},
	Booktitle = {Proceedings of the 2002 International Symposium on Symbolic and Algebraic Computation},
	Date-Added = {2009-01-22 16:18:10 -0500},
	Date-Modified = {2009-01-22 16:23:03 -0500},
	Editor = {T. Mora},
	Title = {A new efficient algorithm for computeing {Gr\"obner} bases without reduction to zero {(F5)}},
	Year = {2002}}

@article{F4,
	Author = {J.C. Faug\`ere},
	Date-Added = {2009-01-22 16:15:17 -0500},
	Date-Modified = {2009-01-22 16:23:22 -0500},
	Journal = {Journal of Pure and Applied Algebra},
	Month = {June},
	Pages = {61-88},
	Title = {A new efficient algorithm for computing {Gr\"obner} bases {(F4)}},
	Volume = {139},
	Year = {1999}}

@inproceedings{STOUT,
	Address = {Schenectady, N.Y.},
	Author = {David Stoutemyer},
	Booktitle = {Proceedings of the 1984 Macsyma Users Conference},
	Date-Added = {2008-11-17 18:35:14 -0800},
	Date-Modified = {2008-12-04 13:37:02 -0800},
	Pages = {221-244},
	Title = {Which Polynomial Representation is Best?},
	Year = {1984}}

@book{stream,
	Author = {S. Muthukrishnan},
	Date-Added = {2008-11-17 18:23:21 -0800},
	Date-Modified = {2008-11-17 18:24:15 -0800},
	Publisher = {Now Publishers},
	Title = {Data Streams: Algorithms and Applications},
	Year = {2005}}

@inproceedings{WATT,
	Author = {S. M. Watt},
	Booktitle = {International Symposium on Symbolic and Algebraic Computation (ISSAC)},
	Date-Added = {2008-11-17 18:10:56 -0800},
	Date-Modified = {2008-12-04 13:37:15 -0800},
	Month = {July},
	Publisher = {Spinger Verlag},
	Series = {Lecture Notes in Computer Science},
	Title = {A Fixed Point Method For Power Series Computation},
	Volume = {358},
	Year = {1989}}

@article{OEATS,
	Author = {W. S. Brown and J. F. Traub},
	Date-Added = {2008-11-11 10:50:19 -0800},
	Date-Modified = {2008-11-11 10:51:32 -0800},
	Journal = {Journal of the Associtation for Computain Machinery},
	Month = {October},
	Number = {4},
	Pages = {505-514},
	Title = {On Euclid's Algorithm and the Theory of Subresultants},
	Volume = {18},
	Year = {1971}}

@inproceedings{MRGBC,
	Author = {O. Bachman and H. Sch\"onemann},
	Booktitle = {Proceedings of ISSAC},
	Date-Added = {2008-10-20 13:13:51 -0700},
	Date-Modified = {2009-06-14 18:53:58 -0400},
	Pages = {309-316},
	Publisher = {ACM Press},
	Title = {Monomial Representations for {Gr\"obner} Bases Computations},
	Year = {1998}}

@article{CSMP,
	Author = {E. F. Bareiss},
	Date-Added = {2008-10-20 11:53:51 -0700},
	Date-Modified = {2008-10-20 11:55:00 -0700},
	Journal = {J. Inst. Maths. Appl.},
	Pages = {68-104},
	Title = {Computational Solutions Of Matrix Problems Over An Integral Domain},
	Volume = {10},
	Year = {1972}}

@article{SIAMI,
	Author = {E. F. Bareiss},
	Date-Added = {2008-10-20 11:52:27 -0700},
	Date-Modified = {2008-12-04 13:33:20 -0800},
	Journal = {J. Math. Comp.},
	Pages = {565-578},
	Title = {Sylvester's Identity and Multisptep Integer-preserving {Gaussian} Elimination},
	Volume = {103},
	Year = {1968}}

@article{SRPRS,
	Author = {G. E. Collins},
	Date-Added = {2008-10-20 10:29:16 -0700},
	Date-Modified = {2008-12-04 13:35:37 -0800},
	Journal = {J. ACM},
	Number = {1},
	Pages = {128-142},
	Title = {Subresultants and Reduced Polynomial Remainder Sequences},
	Volume = {14},
	Year = {1967}}

@book{PCKHP,
	Author = {M. Monagan and R. Pearce},
	Date-Added = {2008-10-17 12:41:47 -0700},
	Date-Modified = {2009-06-14 19:06:23 -0400},
	Publisher = {Springer Berlin / Heidelberg},
	Series = {Lecture Notes in Computer Science},
	Title = {Polynomial Division using Dynamic Arrays, Heaps, and Packed Exponent Vectors},
	Volume = {4770},
	Year = {2007}}

@article{SPDUSH,
	Author = {M. Monagan and R. Pearce},
	Date-Added = {2008-10-17 12:39:27 -0700},
	Date-Modified = {2009-06-14 19:06:30 -0400},
	Journal = {Journal of Symbolic Computation - Special Issue on Milestones In Computer Algebra},
	Note = {Submitted},
	Title = {Sparse Polynomial Arithmetic Using a Heap},
	Year = {2008}}

@article{SUBPRD,
	Author = {W. S. Brown},
	Date-Added = {2008-10-17 12:33:45 -0700},
	Date-Modified = {2008-12-04 13:34:02 -0800},
	Journal = {ACM Transactions on Mathematical Software},
	Month = {September},
	Number = {3},
	Pages = {273-249},
	Title = {The Subresultant {PRS} Algorithm},
	Volume = {4},
	Year = {1978}}

@article{SPRS,
	Author = {S. C. Johnson},
	Date-Added = {2008-10-17 12:31:17 -0700},
	Date-Modified = {2009-06-14 19:14:10 -0400},
	Journal = {ACM SIGSAM Bulletin},
	Number = {3},
	Pages = {63-71},
	Title = {Sparse Polynomial Arithmetic},
	Volume = {8},
	Year = {1974}}

@book{IVAA,
	Author = {David Cox and John Little and Donald O'Shea},
	Date-Added = {2008-10-17 12:26:23 -0700},
	Date-Modified = {2008-12-03 16:12:06 -0800},
	Edition = {Third},
	Publisher = {Springer},
	Title = {Ideals, Varieties, and Algorithms},
	Year = {2007}}

@misc{BARA,
	Author = {Chee-Keng Yep},
	Date-Added = {2008-10-17 12:22:42 -0700},
	Date-Modified = {2008-10-17 12:25:18 -0700},
	Howpublished = {Lecture Notes},
	Month = {September},
	Title = {Linear Systems},
	Year = {1995}}

@book{CASAC,
	Date-Added = {2008-10-17 12:19:43 -0700},
	Date-Modified = {2008-12-04 13:35:04 -0800},
	Editor = {B. Buchberger and G. E. Collings and R. Loos with R. Albrecht},
	Publisher = {Springer-Verlag},
	Title = {Computer Algebra Symbolic and Algebraic Computation},
	Year = {1982}}

@book{KNUTH2,
	Author = {Donald Ervin Knuth},
	Date-Added = {2008-10-17 12:14:47 -0700},
	Date-Modified = {2008-10-17 12:18:34 -0700},
	Publisher = {Addison-Wesley Publishing Company},
	Title = {The Art of Computer Programming},
	Volume = {2},
	Year = {1981}}

@unpublished{TERUI,
	Author = {Akira Terui},
	Date-Added = {2008-10-17 12:11:36 -0700},
	Date-Modified = {2008-10-17 12:14:32 -0700},
	Journal = {Journal of Algebra},
	Month = {January},
	Note = {Preprint},
	Title = {Recursive Polynomial Remainder Sequence and its Subresultants},
	Year = {2008}}

@article{BROWN,
	Author = {W. S. Brown},
	Date-Added = {2008-10-17 12:05:40 -0700},
	Date-Modified = {2008-12-04 13:33:30 -0800},
	Journal = {Journal of the Association for Computing Machinery},
	Month = {October},
	Number = {4},
	Pages = {478-504},
	Title = {On {Euclid's} Algorithm and the Computation of Polynomial Greatest Common Divisors},
	Volume = {18},
	Year = {1971}}

@article{ASIAN,
	Author = {Chung-Hen Ho and Chee Keng Yap},
	Date-Added = {2008-10-17 12:00:59 -0700},
	Date-Modified = {2008-10-17 12:03:06 -0700},
	Journal = {Journal of Symbolic Computation},
	Pages = {1-14},
	Title = {The Habicht Approach to Subresultants},
	Volume = {21},
	Year = {1996}}

@book{AFCA,
	Author = {K. O. Geddes and S. R. Czapor and G. Labahn},
	Date-Added = {2008-06-25 14:25:17 -0400},
	Date-Modified = {2009-06-14 19:02:14 -0400},
	Publisher = {Kluwer Academic Publishers},
	Read = {No},
	Title = {Algorithms for Computer Algebra},
	Year = {1992}}
