%% This BibTeX bibliography file was created using BibDesk.
%% http://bibdesk.sourceforge.net/


%% Created for Steffen Marcus at 2011-02-03 20:03:32 -0500 


%% Saved with string encoding Unicode (UTF-8) 



@misc{BLM11,
	Author = {Boulier, Fran{\c{c}}ois and Lemaire, Fran{\c{c}}ois and Maza, Marc Moreno},
	Date-Added = {2011-02-03 20:00:36 -0500},
	Date-Modified = {2011-02-03 20:03:29 -0500},
	Title = {Well known theorems on triangular systems and the {$D^5$} principle},
	Year = {2011}}

@misc{M00,
	Author = {Maza, Marc Moreno},
	Date-Added = {2011-01-27 18:15:06 -0500},
	Date-Modified = {2011-01-27 19:21:43 -0500},
	Howpublished = {technical report, NAG (presented at the MEGA2000 conference)},
	Title = {On triangular decompositions of algebraic varieties},
	Year = {2000}}

@article{AM99,
	Author = {Aubry, Philippe and Maza, Marc Moreno},
	Date-Added = {2011-01-27 18:08:40 -0500},
	Date-Modified = {2011-01-27 19:21:24 -0500},
	Doi = {10.1006/jsco.1999.0270},
	Fjournal = {Journal of Symbolic Computation},
	Issn = {0747-7171},
	Journal = {J. Symbolic Comput.},
	Mrclass = {13P10 (13P05 68W30)},
	Mrnumber = {1709420 (2000g:13017)},
	Mrreviewer = {Karin Gatermann},
	Note = {Polynomial elimination---algorithms and applications},
	Number = {1-2},
	Pages = {125--154},
	Title = {Triangular sets for solving polynomial systems: a comparative implementation of four methods},
	Url = {http://dx.doi.org/10.1006/jsco.1999.0270},
	Volume = {28},
	Year = {1999},
	Bdsk-Url-1 = {http://dx.doi.org/10.1006/jsco.1999.0270}}

@incollection{LMPX08,
	Address = {New York},
	Author = {Lemaire, Fran{\c{c}}ois and Maza, Marc Moreno and Pan, Wei and Xie, Yuzhen},
	Booktitle = {I{SSAC} 2008},
	Date-Added = {2011-01-27 18:11:06 -0500},
	Date-Modified = {2011-01-27 19:21:36 -0500},
	Doi = {10.1145/1390768.1390798},
	Mrclass = {13P15 (68W30)},
	Mrnumber = {2513507 (2010i:13035)},
	Mrreviewer = {David Sevilla},
	Pages = {207--214},
	Publisher = {ACM},
	Title = {When does {$\langle T\rangle$} equal {${\rm sat}(T)$}?},
	Url = {http://dx.doi.org/10.1145/1390768.1390798},
	Year = {2008},
	Bdsk-Url-1 = {http://dx.doi.org/10.1145/1390768.1390798}}

@incollection{H03,
	Address = {Berlin},
	Author = {Hubert, Evelyne},
	Booktitle = {Symbolic and numerical scientific computation ({H}agenberg, 2001)},
	Date-Added = {2011-01-27 18:19:36 -0500},
	Date-Modified = {2011-01-27 18:19:42 -0500},
	Doi = {10.1007/3-540-45084-X_1},
	Mrclass = {13P99 (12H05 68W30)},
	Mrnumber = {2043699 (2005c:13034)},
	Mrreviewer = {Viviana Ene},
	Pages = {1--39},
	Publisher = {Springer},
	Series = {Lecture Notes in Comput. Sci.},
	Title = {Notes on triangular sets and triangulation-decomposition algorithms. {I}. {P}olynomial systems},
	Url = {http://dx.doi.org/10.1007/3-540-45084-X_1},
	Volume = {2630},
	Year = {2003},
	Bdsk-Url-1 = {http://dx.doi.org/10.1007/3-540-45084-X_1}}

@article{ALM99,
	Author = {Aubry, Philippe and Lazard, Daniel and Maza, Marc Moreno},
	Date-Added = {2011-01-27 18:21:18 -0500},
	Date-Modified = {2011-01-27 19:21:07 -0500},
	Doi = {10.1006/jsco.1999.0269},
	Fjournal = {Journal of Symbolic Computation},
	Issn = {0747-7171},
	Journal = {J. Symbolic Comput.},
	Mrclass = {13P10},
	Mrnumber = {1709419 (2001a:13045)},
	Mrreviewer = {Alessandro Logar},
	Note = {Polynomial elimination---algorithms and applications},
	Number = {1-2},
	Pages = {105--124},
	Title = {On the theories of triangular sets},
	Url = {http://dx.doi.org/10.1006/jsco.1999.0269},
	Volume = {28},
	Year = {1999},
	Bdsk-Url-1 = {http://dx.doi.org/10.1006/jsco.1999.0269}}

@book{V98,
	Address = {Berlin},
	Author = {Vasconcelos, Wolmer V.},
	Date-Added = {2011-01-28 11:28:34 -0500},
	Date-Modified = {2011-01-28 11:28:39 -0500},
	Isbn = {3-540-60520-7},
	Mrclass = {13Pxx (13-02 14-02 14Qxx)},
	Mrnumber = {1484973 (99c:13048)},
	Mrreviewer = {P. Schenzel},
	Note = {With chapters by David Eisenbud, Daniel R. Grayson, J{\"u}rgen Herzog and Michael Stillman},
	Pages = {xii+394},
	Publisher = {Springer-Verlag},
	Series = {Algorithms and Computation in Mathematics},
	Title = {Computational methods in commutative algebra and algebraic geometry},
	Volume = {2},
	Year = {1998}}
